@Article{Test,
  author = {mAuth1},
  title = {mTit1},
  journal = {mJour1},
  year = {2001},
  volume = {1},
  pages = {42-43},
  number = {1},
}

@Article{Test2,
  author = {mAuth2},
  title = {mTit2},
  journal = {mJour2},
  year = {2002},
  volume = {2},
  pages = {42-43},
  number = {2},
}
